%% This BibTeX bibliography file was created using BibDesk.
%% https://bibdesk.sourceforge.io/

%% Created for Nathan Alexander at 2025-07-16 14:01:03 -0400 


%% Saved with string encoding Unicode (UTF-8) 



@book{coates2018we,
	author = {Coates, Ta-Nehisi},
	date-added = {2025-07-16 14:00:42 -0400},
	date-modified = {2025-07-16 14:00:42 -0400},
	publisher = {One World},
	title = {We were eight years in power: An American tragedy},
	year = {2018}}

@article{gibbons1997introduction,
	author = {Gibbons, Robert},
	doi = {10.1257/jep.11.1.127},
	journal = {Journal of Economic Perspectives},
	number = {1},
	pages = {127--149},
	title = {An Introduction to Applicable Game Theory},
	volume = {11},
	year = {1997},
	bdsk-url-1 = {https://doi.org/10.1257/jep.11.1.127}}

@book{osborne1994course,
	address = {Cambridge, MA},
	author = {Osborne, Martin J. and Rubinstein, Ariel},
	publisher = {MIT Press},
	title = {A Course in Game Theory},
	year = {1994}}

@article{maynardsmith1973logic,
	author = {Maynard Smith, John and Price, George R.},
	doi = {10.1038/246015a0},
	journal = {Nature},
	pages = {15--18},
	title = {The Logic of Animal Conflict},
	volume = {246},
	year = {1973},
	bdsk-url-1 = {https://doi.org/10.1038/246015a0}}

@book{vonNeumann1944theory,
	address = {Princeton, NJ},
	author = {von Neumann, John and Morgenstern, Oskar},
	publisher = {Princeton University Press},
	title = {Theory of Games and Economic Behavior},
	year = {1944}}

@article{axelrod1981evolution,
	author = {Axelrod, Robert and Hamilton, William D.},
	doi = {10.1126/science.7466396},
	journal = {Science},
	number = {4489},
	pages = {1390--1396},
	title = {The Evolution of Cooperation},
	volume = {211},
	year = {1981},
	bdsk-url-1 = {https://doi.org/10.1126/science.7466396}}

@article{schelling1960strategy,
	author = {Schelling, Thomas C.},
	journal = {Harvard University Press},
	title = {The Strategy of Conflict},
	year = {1960}}

@incollection{binmore2007rationality,
	author = {Binmore, Ken},
	booktitle = {The Oxford Handbook of Rationality},
	editor = {Mele, Alfred R. and Rawling, Piers},
	pages = {179--208},
	publisher = {Oxford University Press},
	title = {Rationality and Game Theory},
	year = {2007}}

@article{sep-game-theory,
	author = {Ross, Don},
	journal = {Stanford Encyclopedia of Philosophy},
	note = {Substantive revision Sun Sep 3, 2023},
	title = {Game Theory},
	url = {https://plato.stanford.edu/entries/game-theory/},
	year = {2023},
	bdsk-url-1 = {https://plato.stanford.edu/entries/game-theory/}}
