@article{citation1 ,
author = {Author, A},
title = {Article Title},
journal = {Journal Name},
volume = {Vol},
year = {xxxx},
number = {x},
pages = {xx--xxx},
url = {https://doi.org/10.xx.xxxxxxxxxx}
}


